@article{DBLP:journals/corr/abs-2006-10562,
  author    = {Aleksei Ustimenko and
               Liudmila Prokhorenkova and
               Andrey Malinin},
  title     = {Uncertainty in Gradient Boosting via Ensembles},
  journal   = {CoRR},
  volume    = {abs/2006.10562},
  year      = {2020},
  url       = {https://arxiv.org/abs/2006.10562},
  eprinttype = {arXiv},
  eprint    = {2006.10562},
  timestamp = {Tue, 23 Jun 2020 17:57:22 +0200},
  biburl    = {https://dblp.org/rec/journals/corr/abs-2006-10562.bib},
  bibsource = {dblp computer science bibliography, https://dblp.org}
}

@inproceedings{ustimenko2021sglb,
  title={SGLB: Stochastic gradient langevin boosting},
  author={Ustimenko, Aleksei and Prokhorenkova, Liudmila},
  booktitle={International Conference on Machine Learning},
  pages={10487--10496},
  year={2021},
  organization={PMLR}
}

@misc{prr,
  doi = {10.48550/ARXIV.1905.00076},
  url = {https://arxiv.org/abs/1905.00076},
  author = {Malinin, Andrey and Mlodozeniec, Bruno and Gales, Mark},
  keywords = {Machine Learning (stat.ML), Machine Learning (cs.LG), FOS: Computer and information sciences, FOS: Computer and information sciences},
  title = {Ensemble Distribution Distillation},
  publisher = {arXiv},
  year = {2019},
  copyright = {arXiv.org perpetual, non-exclusive license}
}
